<?xml version="1.0" encoding="UTF-8"?><collection xmlns="http://www.loc.gov/MARC21/slim"><record><leader>00514nam--2200145-i-4500</leader><controlfield tag="001">000025467</controlfield><controlfield tag="002">20161230</controlfield><controlfield tag="005">20170103233227</controlfield><controlfield tag="008">060222s1000------------r-----000-0-eng-d</controlfield><datafield ind1=" " ind2=" " tag="100"><subfield code="a">Johnson, Martin</subfield></datafield><datafield ind1=" " ind2=" " tag="245"><subfield code="a">Time, knowlege and the nebulae. An introduction to the meanings of time in physics, astronomy and philosophy, and the relativities of Einstein and of Milne</subfield><subfield code="c">Cu o prefata de E.A. Milne</subfield></datafield><datafield ind1=" " ind2=" " tag="260"><subfield code="a">London</subfield><subfield code="b">Faber And Faber Limited</subfield></datafield><datafield ind1=" " ind2=" " tag="300"><subfield code="a">189 p.+1pl</subfield></datafield><datafield ind1=" " ind2=" " tag="852"><subfield code="a">921</subfield></datafield><datafield ind1=" " ind2=" " tag="CAT"><subfield code="a">SYS</subfield><subfield code="c">20170103</subfield><subfield code="h">233227</subfield></datafield></record></collection>